@book{cheplick2009ecology,
	title={Ecology and evolution of the grass-endophyte symbiosis},
	author={Cheplick, Gregory P and Faeth, Stanley H},
	year={2009},
	publisher={OUP USA}
}

@article{clay2002evolutionary,
	title={Evolutionary origins and ecological consequences of endophyte symbiosis with grasses},
	author={Clay, Keith and Schardl, Christopher},
	journal={the american naturalist},
	volume={160},
	number={S4},
	pages={S99--S127},
	year={2002},
	publisher={The University of Chicago Press}
}

@Manual{R,
	title = {R: A Language and Environment for Statistical Computing},
	author = {{R Core Team}},
	organization = {R Foundation for Statistical Computing},
	address = {Vienna, Austria},
	year = {2023},
	url = {https://www.R-project.org/},
}

@Misc{rstan,
	title = {{RStan}: the {R} interface to {Stan}},
	author = {{Stan Development Team}},
	note = {R package version 2.32.6},
	year = {2024},
	url = {https://mc-stan.org/},
}

@article{singh2020wolbachia,
	title={Wolbachia-infected ant colonies have increased reproductive investment and an accelerated life cycle},
	author={Singh, Rohini and Linksvayer, Timothy A},
	journal={Journal of Experimental Biology},
	volume={223},
	number={9},
	pages={jeb220079},
	year={2020},
	publisher={The Company of Biologists Ltd}
}

@article{fry2004variable,
	title={Variable fitness effects of Wolbachia infection in Drosophila melanogaster},
	author={Fry, AJ and Palmer, MR and Rand, DM},
	journal={Heredity},
	volume={93},
	number={4},
	pages={379--389},
	year={2004},
	publisher={Nature Publishing Group}
}

@article{carpenter2017stan,
	title={Stan: A probabilistic programming language},
	author={Carpenter, Bob and Gelman, Andrew and Hoffman, Matthew D and Lee, Daniel and Goodrich, Ben and Betancourt, Michael and Brubaker, Marcus A and Guo, Jiqiang and Li, Peter and Riddell, Allen},
	journal={Journal of statistical software},
	volume={76},
	year={2017},
	publisher={NIH Public Access}
}

@article{fowler2024microbial,
	title={Microbial symbionts buffer hosts from the demographic costs of environmental stochasticity},
	author={Fowler, Joshua C and Ziegler, Shaun and Whitney, Kenneth D and Rudgers, Jennifer A and Miller, Tom EX},
	journal={Ecology Letters},
	volume={27},
	number={5},
	pages={e14438},
	year={2024},
	publisher={Wiley Online Library}
}

@article{karamipour2021removal,
	title={Removal of gut symbiotic bacteria negatively affects life history traits of the shield bug, Graphosoma lineatum},
	author={Karamipour, Naeime and Fathipour, Yaghoub and Mehrabadi, Mohammad},
	journal={Ecology and Evolution},
	volume={11},
	number={6},
	pages={2515--2523},
	year={2021},
	publisher={Wiley Online Library}
}